@article{imbalancelearn,
author  = {Guillaume  Lema{{\^i}}tre and Fernando Nogueira and Christos K. Aridas},
title   = {Imbalanced-learn: A Python Toolbox to Tackle the Curse of Imbalanced Datasets in Machine Learning},
journal = {Journal of Machine Learning Research},
year    = {2017},
volume  = {18},
number  = {17},
pages   = {1-5},
url     = {http://jmlr.org/papers/v18/16-365}
}

@misc{data ,
author = "Kenta Nakai and Paul Horton",
year = "1996",
month = "September",
title = "{UCI} Machine Learning Repository",
url = "http://archive.ics.uci.edu/ml/datasets/yeast",
institution = "University of California, Irvine, School of Information and Computer Sciences" }

@inproceedings{rforestbalanced,
  title={Using Random Forest to Learn Imbalanced Data},
  author={Chao Chen},
  year={2004}
}

@article{rusboost,
 author = {Seiffert, C. and Khoshgoftaar, T. M. and Van Hulse, J. and Napolitano, A.},
 title = {RUSBoost: A Hybrid Approach to Alleviating Class Imbalance},
 journal = {Trans. Sys. Man Cyber. Part A},
 issue_date = {January 2010},
 volume = {40},
 number = {1},
 month = jan,
 year = {2010},
 issn = {1083-4427},
 pages = {185--197},
 numpages = {13},
 url = {https://doi.org/10.1109/TSMCA.2009.2029559},
 doi = {10.1109/TSMCA.2009.2029559},
 acmid = {2230416},
 publisher = {IEEE Press},
 address = {Piscataway, NJ, USA},
 keywords = {Binary classification, RUSBoost, boosting, class imbalance, sampling},
} 

@article{adaboostbalance,
 author = {Liu, Xu-Ying and Wu, Jianxin and Zhou, Zhi-Hua},
 title = {Exploratory Undersampling for Class-imbalance Learning},
 journal = {Trans. Sys. Man Cyber. Part B},
 issue_date = {April 2009},
 volume = {39},
 number = {2},
 month = apr,
 year = {2009},
 issn = {1083-4419},
 pages = {539--550},
 numpages = {12},
 url = {http://dx.doi.org/10.1109/TSMCB.2008.2007853},
 doi = {10.1109/TSMCB.2008.2007853},
 acmid = {1656749},
 publisher = {IEEE Press},
 address = {Piscataway, NJ, USA},
 keywords = {Class-imbalance learning, class-imbalance learning, data mining, ensemble learning, machine learning, undersampling},
} 

@inproceedings{neighborcleaning,
 author = {Laurikkala, Jorma},
 title = {Improving Identification of Difficult Small Classes by Balancing Class Distribution},
 booktitle = {Proceedings of the 8th Conference on AI in Medicine in Europe: Artificial Intelligence Medicine},
 series = {AIME '01},
 year = {2001},
 isbn = {3-540-42294-3},
 pages = {63--66},
 numpages = {4},
 url = {http://dl.acm.org/citation.cfm?id=648155.757340},
 acmid = {757340},
 publisher = {Springer-Verlag},
 address = {Berlin, Heidelberg},
} 

@article{condense,
 author = {Hart, P.},
 title = {The Condensed Nearest Neighbor Rule (Corresp.)},
 journal = {IEEE Trans. Inf. Theor.},
 issue_date = {May 1968},
 volume = {14},
 number = {3},
 month = sep,
 year = {2006},
 issn = {0018-9448},
 pages = {515--516},
 numpages = {2},
 url = {https://doi.org/10.1109/TIT.1968.1054155},
 doi = {10.1109/TIT.1968.1054155},
 acmid = {2267647},
 publisher = {IEEE Press},
 address = {Piscataway, NJ, USA},
} 

@article{randomforest,
 author = {Breiman, Leo},
 title = {Random Forests},
 journal = {Mach. Learn.},
 issue_date = {October 1 2001},
 volume = {45},
 number = {1},
 month = oct,
 year = {2001},
 issn = {0885-6125},
 pages = {5--32},
 numpages = {28},
 url = {https://doi.org/10.1023/A:1010933404324},
 doi = {10.1023/A:1010933404324},
 acmid = {570182},
 publisher = {Kluwer Academic Publishers},
 address = {Hingham, MA, USA},
 keywords = {classification, ensemble, regression},
} 

@inproceedings{adaboost,
 author = {Schapire, Robert E.},
 title = {A Brief Introduction to Boosting},
 booktitle = {Proceedings of the 16th International Joint Conference on Artificial Intelligence - Volume 2},
 series = {IJCAI'99},
 year = {1999},
 location = {Stockholm, Sweden},
 pages = {1401--1406},
 numpages = {6},
 url = {http://dl.acm.org/citation.cfm?id=1624312.1624417},
 acmid = {1624417},
 publisher = {Morgan Kaufmann Publishers Inc.},
 address = {San Francisco, CA, USA},
} 