@misc{uci-source ,
author = "Janosi et al",
year = "1988",
title = "{UCI} Machine Learning Repository",
url = "https://archive.ics.uci.edu/ml/datasets/Heart+Disease",
institution = "University of California, Irvine, School of Information and Computer Sciences" }

@misc{kaggle ,
url = "https://www.kaggle.com/ronitf/heart-disease-uci",
title = "Heart Disease UCI"
}

@misc{maya ,
url = "https://www.mayoclinic.org/healthy-lifestyle/fitness/in-depth/exercise-intensity/art-20046887",
title = "Exercise intensity: How to measure it"
}