@misc{uci-source ,
author = "Janosi et al",
year = "1988",
title = "{UCI} Machine Learning Repository",
url = "https://archive.ics.uci.edu/ml/datasets/Heart+Disease",
institution = "University of California, Irvine, School of Information and Computer Sciences" }

@misc{kaggle ,
url = "https://www.kaggle.com/ronitf/heart-disease-uci",
title = "Heart Disease UCI"
}

@InProceedings{ mckinney-proc-scipy-2010,
  author    = { Wes McKinney },
  title     = { Data Structures for Statistical Computing in Python },
  booktitle = { Proceedings of the 9th Python in Science Conference },
  pages     = { 51 - 56 },
  year      = { 2010 },
  editor    = { St\'efan van der Walt and Jarrod Millman }
}

@ARTICLE{matplotlib, 
author={J. D. {Hunter}}, 
journal={Computing in Science Engineering}, 
title={Matplotlib: A 2D Graphics Environment}, 
year={2007}, 
volume={9}, 
number={3}, 
pages={90-95}, 
keywords={computer graphics;mathematics computing;object-oriented programming;software packages;Matplotlib;2D graphics package;Python;application development;interactive scripting;publication-quality image generation;user interface;operating system;Graphics;Interpolation;Equations;Graphical user interfaces;Packaging;Image generation;User interfaces;Operating systems;Computer languages;Programming profession;Python;scripting languages;application development;scientific programming}, 
doi={10.1109/MCSE.2007.55}, 
ISSN={1521-9615}, 
month={May},}

@article{scikit-learn,
 title={Scikit-learn: Machine Learning in {P}ython},
 author={Pedregosa, F. and Varoquaux, G. and Gramfort, A. and Michel, V.
         and Thirion, B. and Grisel, O. and Blondel, M. and Prettenhofer, P.
         and Weiss, R. and Dubourg, V. and Vanderplas, J. and Passos, A. and
         Cournapeau, D. and Brucher, M. and Perrot, M. and Duchesnay, E.},
 journal={Journal of Machine Learning Research},
 volume={12},
 pages={2825--2830},
 year={2011}
}

@misc{seaborn,
  author       = {Michael Waskom and
                  Olga Botvinnik and
                  Drew O'Kane and
                  Paul Hobson and
                  Saulius Lukauskas and
                  David C Gemperline and
                  Tom Augspurger and
                  Yaroslav Halchenko and
                  John B. Cole and
                  Jordi Warmenhoven and
                  Julian de Ruiter and
                  Cameron Pye and
                  Stephan Hoyer and
                  Jake Vanderplas and
                  Santi Villalba and
                  Gero Kunter and
                  Eric Quintero and
                  Pete Bachant and
                  Marcel Martin and
                  Kyle Meyer and
                  Alistair Miles and
                  Yoav Ram and
                  Tal Yarkoni and
                  Mike Lee Williams and
                  Constantine Evans and
                  Clark Fitzgerald and
                  Brian and
                  Chris Fonnesbeck and
                  Antony Lee and
                  Adel Qalieh},
  title        = {mwaskom/seaborn: v0.8.1 (September 2017)},
  month        = sep,
  year         = 2017,
  doi          = {10.5281/zenodo.883859},
  url          = {https://doi.org/10.5281/zenodo.883859}
}